@article{Strupat_1991,
  doi = {10.1016/0168-1176(91)85050-v},
  url = {https://doi.org/10.1016%2F0168-1176%2891%2985050-v},
  year = {1991},
  month = {dec},
  publisher = {Elsevier {BV}},
  volume = {111},
  pages = {89--102},
  author = {K. Strupat and M. Karas and F. Hillenkamp},
  title = {{2,5-Dihydroxybenzoic acid: a new matrix for laser desorption{\textemdash}ionization mass spectrometry}},
  journal = {International Journal of Mass Spectrometry and Ion Processes},
}


@article{Beavis_1989,
  doi = {10.1002/rcm.1290031208},
  url = {https://doi.org/10.1002%2Frcm.1290031208},
  year = {1989},
  month = {dec},
  publisher = {Wiley-Blackwell},
  volume = {3},
  number = {12},
  pages = {436--439},
  author = {Ronald C. Beavis and Brian T. Chait and K. G. Standing},
  title = {{Matrix-assisted laser-desorption mass spectrometry using 355 nm radiation}},
  journal = {Rapid Communications in Mass Spectrometry},
}


@article{Beavis_1989a,
  doi = {10.1002/rcm.1290031207},
  url = {https://doi.org/10.1002%2Frcm.1290031207},
  year = {1989},
  month = {dec},
  publisher = {Wiley-Blackwell},
  volume = {3},
  number = {12},
  pages = {432--435},
  author = {Ronald C. Beavis and Brain T. Chait and H. M. Fales},
  title = {{Cinnamic acid derivatives as matrices for ultraviolet laser desorption mass spectrometry of proteins}},
  journal = {Rapid Communications in Mass Spectrometry},
}


@article{Beavis_1992,
  doi = {10.1002/oms.1210270217},
  url = {https://doi.org/10.1002%2Foms.1210270217},
  year = {1992},
  month = {feb},
  publisher = {Wiley-Blackwell},
  volume = {27},
  number = {2},
  pages = {156--158},
  author = {R. C. Beavis and T. Chaudhary and B. T. Chait},
  title = {{$\upalpha$-Cyano-4-hydroxycinnamic acid as a matrix for matrixassisted laser desorption mass spectromtry}},
  journal = {Organic Mass Spectrometry},
}
